@online{EuropeanCommissionSmartcities2016,
  title = {Smart Cities},
  author = {{European Commission}},
  date = {2016},
  url = {https://commission.europa.eu/eu-regional-and-urban-development/topics/cities-and-urban-development/city-initiatives/smart-cities_en},
  urldate = {2024-04-24},
  langid = {english}
}


@article{CostemalleToujourshabitantsdans2020,
  title = {Toujours plus d’habitants dans les~unités urbaines},
  author = {Costemalle, Vianney},
  date = {2020-10-21},
  journaltitle = {INSEE focus},
  number = {210},
  url = {https://www.insee.fr/fr/statistiques/4806684},
  urldate = {2024-04-24},
  langid = {french}
}

@online{MinisteriodeTransportesMovilidadyAgendaUrbanaDGdeViviendaySueloAreasurbanasEspana2022,
  title = {Áreas urbanas en España 2022},
  author = {{Ministerio de Transportes, Movilidad y Agenda Urbana, DG de Vivienda y Suelo}},
  date = {2022-11},
  url = {https://cvp.mitma.gob.es/downloadcustom/sample/3152},
  urldate = {2025-02-07},
  langid = {spanish}
}

@online{NationalRecordsofScotlandWebTeamPopulationGrowsLarge2021,
  type = {Document},
  title = {Population {{Grows}} in {{Large Cities}}, {{Declines}} in {{Remote Areas}}},
  author = {{National Records of Scotland Web Team}},
  date = {2021-08-24},
  publisher = {National Records of Scotland},
  url = {https://www.nrscotland.gov.uk/news/2021/population-grows-in-large-cities-declines-in-remote-areas},
  urldate = {2024-04-24},
  langid = {english}
}
@online{FreyNewcensusdata2024,
  title = {New Census Data Hints at an Urban Population Revival, Assisted by Immigration},
  author = {Frey, William H.},
  date = {2024-04-15},
  url = {https://www.brookings.edu/articles/new-census-data-hints-at-an-urban-population-revival-assisted-by-immigration/},
  urldate = {2024-04-24},
  langid = {english},
  organization = {Brookings}
}

@incollection{Baudet-MichelChapitredecroissanceurbaine2021,
  title = {Chapitre 4. La décroissance urbaine en France : mise en perspective par les recherches sur les Shrinking Cities et les Systèmes urbains},
  shorttitle = {Chapitre 4. La décroissance urbaine en France},
  booktitle = {Déclin urbain},
  author = {Baudet-Michel, Sophie and Paulus, Fabien},
  date = {2021},
  series = {Savoir/Agir},
  pages = {129--162},
  publisher = {Éditions du Croquant},
  location = {Vulaines-sur-Seine},
  doi = {10.3917/asava.beal.2021.01.0129},
  url = {https://www.cairn.info/declin-urbain--9782365122788-p-129.htm},
  urldate = {2024-04-24},
  isbn = {978-2-36512-278-8},
  langid = {french}
}

@misc{UnitedNationsDepartmentofEconomicandSocialAffairsPopulationDivisionWorldCities20182018,
  title = {The {{World}}’s cities in 2018},
  author = {{United Nations, Department of Economic and Social Affairs, Population Division}},
  date = {2018},
  url = {https://www.un.org/development/desa/pd/sites/www.un.org.development.desa.pd/files/files/documents/2020/Jan/un_2018_worldcities_databooklet.pdf?},
  langid = {english}
}

@article{WintersUrbanisationnaturalamenities2016,
  title = {Urbanisation, natural amenities and subjective well-being: {{Evidence}} from {{US}} counties},
  author = {Winters, John V. and Li, Yu},
  date = {2016-02-17},
  journaltitle = {Urban Studies},
  publisher = {SAGE Publications: London, England},
  doi = {10/gbj9nh},
  url = {https://journals.sagepub.com/doi/abs/10.1177/0042098016631918?journalCode=usja},
  urldate = {2024-04-24},
  langid = {english}
}

@article{Okulicz-KozarynNourbanmalaise2019,
  title = {No urban malaise for {{Millennials}}},
  author = {Okulicz-Kozaryn, Adam and Valente, Rubia R.},
  date = {2019-02-01},
  journaltitle = {Regional Studies},
  publisher = {Routledge},
  issn = {0034-3404},
  url = {https://www.tandfonline.com/doi/abs/10.1080/00343404.2018.1453130},
  urldate = {2024-04-24},
  langid = {english}
}

@article{MouratidisCompactcityurban2019,
  title = {Compact city, urban sprawl, and subjective well-being},
  author = {Mouratidis, Kostas},
  date = {2019-09-01},
  journaltitle = {Cities},
  shortjournal = {Cities},
  volume = {92},
  pages = {261--272},
  issn = {0264-2751},
  doi = {10/ghwg3x},
  url = {https://www.sciencedirect.com/science/article/pii/S0264275118316184},
  urldate = {2024-04-24},
  langid = {english}
}

@article{Okulicz-KozarynEuropeansworklive2011,
  title = {Europeans work to live and {{Americans}} live to work ({{Who}} is happy to work more: {{Americans}} or {{Europeans}}?)},
  author = {Okulicz-Kozaryn, Adam},
  date = {2011-04-01},
  journaltitle = {Journal of Happiness Studies},
  shortjournal = {J Happiness Stud},
  volume = {12},
  number = {2},
  pages = {225--243},
  issn = {1573-7780},
  doi = {10/djjmqh},
  url = {https://doi.org/10.1007/s10902-010-9188-8},
  urldate = {2024-04-24},
  langid = {english}
}

@article{NivolaAreEuropescities1999,
  title = {Are {{Europe}}'s cities better?},
  author = {Nivola, Pietro S.},
  date = {1999-23},
  journaltitle = {The Public Interest},
  volume = {137},
  url = {https://www.brookings.edu/articles/are-europes-cities-better/},
  urldate = {2024-04-24},
  langid = {english}
}

@article{CaragliuSmartcitiesEurope2011,
  title = {Smart cities in {{Europe}}},
  author = {Caragliu, Andrea and Bo, Chiara Del and Nijkamp, Peter},
  date = {2011-04-01},
  journaltitle = {Journal of Urban Technology},
  publisher = {Routledge},
  issn = {1063-0732},
  url = {https://www.tandfonline.com/doi/abs/10.1080/10630732.2011.601117},
  urldate = {2024-04-24},
  langid = {english}
}

@report{Samuelspollutedlifehighway2022,
  title = {The polluted life near the highway. {{A}} review of national scholarship and a {{Louisville}} case study},
  author = {Samuels, Gabe and Freemark, Yonah},
  date = {2022-11},
  institution = {{Metropolitan Housing and Communities Policy Center}},
  url = {https://www.urban.org/sites/default/files/2022-11/The%20Polluted%20Life%20Near%20the%20Highway.pdf},
  urldate = {2025-04-27},
  langid = {english}
}

@article{SerranoSmartcitiescommunities2022,
  title = {Smart cities and communities: {{A}} key performance indicators framework},
  shorttitle = {Smart Cities and Communities},
  author = {Serrano, Martin and Griffor, Edward and Wollman, David A. and Dunaway, Michael and Burns, Martin and Rhee, Sokwoo and Greer, Chris},
  date = {2022-02-24T07:00-05:00},
  journaltitle = {NIST Special Publication},
  url = {https://nvlpubs.nist.gov/nistpubs/SpecialPublications/NIST.SP.1900-206.pdf},
  urldate = {2024-04-24},
  langid = {english}
}

@article{StubingerUnderstandingSmartCity2020,
  title = {Understanding {{Smart City}} - {{A}} Data-Driven Literature Review},
  author = {Stübinger, Johannes and Schneider, Lucas},
  date = {2020-01},
  journaltitle = {Sustainability},
  volume = {12},
  number = {20},
  pages = {8460},
  issn = {2071-1050},
  doi = {10/gjmz68},
  url = {https://www.mdpi.com/2071-1050/12/20/8460},
  urldate = {2024-04-25},
  langid = {english}
}

@inproceedings{BolivarsearchSmartSource2019,
  title = {In the search for the ‘{{Smart}}’ {{Source}} of the citizen’s perception of {{Quality}} of {{Life}} in {{European Smart Cities}}},
  booktitle = {Proceedings of the 52nd {{Hawaii International Conference}} on {{System Sciences}}},
  author = {Bolívar, Manuel Pedro Rodríguez},
  date = {2019},
  eventtitle = {Hawaii {{International Conference}} on {{System Sciences}}},
  langid = {english}
}

@inproceedings{Choicomparativeanalysisseven2023,
  title = {A comparative analysis of seven {{Smart City}} development projects: {{Institutional}}, economic, technical, and policy perspectives},
  booktitle = {Proceedings of the 56th {{Hawaii International Conference}} on {{System Sciences}}},
  author = {Choi, Jeongbae and Caicedo, Carlos E.},
  date = {2023},
  doi = {10.24251/HICSS.2023.246},
  url = {http://hdl.handle.net/10125/102877},
  urldate = {2025-04-27},
  eventtitle = {Hawaii {{International Conference}} on {{System Sciences}}},
  langid = {english}
}

@article{WangDoessmartcity2023,
  title = {Does smart city implementation improve the subjective Quality of Life? {{Evidence}} from {{China}}},
  author = {Wang, Mengmeng and Zhou, Tao},
  date = {2023-02-01},
  journaltitle = {Technology in Society},
  volume = {72},
  pages = {102161},
  issn = {0160-791X},
  doi = {10/gtr4sj},
  url = {https://www.sciencedirect.com/science/article/pii/S0160791X22003025},
  urldate = {2024-04-25}
}

@report{BrisIMDSmartCity2023,
  title = {{{IMD Smart City Index Report}} 2023},
  author = {Bris, Arturo and Cabolis, Christos and Lanvin, Bruno and Madureira, Odete and Caballero, José and Pistis, Marco and Zargari, Maryam and Tozer, Alice},
  date = {2023-04-20},
  url = {https://www.imd.org/wp-content/uploads/2023/04/smartcityindex-2023-v7.pdf?},
  langid = {english}
}

@misc{BerroneIESECitiesMotion2014,
  title = {{{IESE Cities}} in {{Motion}} 2014},
  author = {Berrone, Pascual and Ricart, Joan Enric and Ricart, Roger and Carrasco, Carlos and Barrionuevo, Juan Manuel and Giuliodori, David Augusto and Boneu, Franco and Giuliodori, María Andrea},
  date = {2014-03-04},
  url = {https://www.iese.edu/wp-content/uploads/2019/05/ST-0333.pdf?},
  langid = {english},
  organization = {IESE Business School - University of Navarra}
}

@misc{BerroneIESECitiesMotion2024,
  title = {{{IESE Cities}} in {{Motion}} 2024},
  author = {Berrone, Pascual and Ricart, Joan Enric and Grossi, Federico and Giuliodori, David Augusto and Giuliodori, María Andrea},
  date = {2024-01-31},
  url = {https://www.iese.edu/media/research/pdfs/ST-0649-E},
  langid = {english},
  organization = {IESE Business School - University of Navarra}
}

@article{Bloom25Citiesbest2024,
  title = {The 25 {{U.S.}} cities with the best quality of life, ranked in a new report},
  author = {Bloom, Laura Begley},
  date = {2024-02-26},
  journaltitle = {Forbes},
  url = {https://www.forbes.com/sites/laurabegleybloom/2024/02/26/ranked-the-25-us-cities-with-the-best-quality-of-life-according-to-a-new-report/},
  urldate = {2024-04-25},
  langid = {english}
}

@online{Howwerank2024,
  title = {How we rank the {{Best Places to Live and Retire}}},
  url = {https://realestate.usnews.com/places/methodology},
  urldate = {2024-04-25},
  langid = {english},
  organization = {US News \& World Report}
}

@online{BestPlacesLive2023,
  title = {Best {{Places to Live}} for Quality of Life, Ranked},
  date = {2023-11-06},
  journaltitle = {U.S. News \& World Report},
  url = {https://realestate.usnews.com/places/rankings/best-places-to-live-for-quality-of-life},
  urldate = {2024-04-25},
  langid = {english}
}

@article{LStaletwoecosystems2013,
  entrysubtype = {magazine},
  title = {A Tale of Two Ecosystems},
  author = {{L.S.}},
  date = {2013-10-03},
  journaltitle = {The Economist},
  issn = {0013-0613},
  url = {https://www.economist.com/schumpeter/2013/10/03/a-tale-of-two-ecosystems},
  urldate = {2024-04-25}
}

@online{BarrettInvestigateYouExpatriate2010,
  title = {Investigate {{Before You Expatriate}}},
  author = {Barrett, William P.},
  date = {2010-06-10},
  url = {https://www.forbes.com/forbes/2010/0628/investment-guide-retirement-medicare-taxes-investigate-before-expatriate.html},
  urldate = {2024-04-25},
  langid = {english}
}

@article{KugelThingsYouCan2016,
  entrysubtype = {newspaper},
  title = {8 things you can do now to save money on travel},
  author = {Kugel, Seth},
  date = {2016-01-05},
  journaltitle = {The New York Times},
  issn = {0362-4331},
  url = {https://www.nytimes.com/2016/01/10/travel/cheap-airline-tickets-vacations.html},
  urldate = {2024-04-25},
  langid = {english}
}
